
@dataset{lungPetCtDx,
  author    = {Li, P. and Wang, S. and Li, T. and Lu, J. and HuangFu, Y. and Wang, D.},
  title     = {A Large-Scale CT and PET/CT Dataset for Lung Cancer Diagnosis (Lung-PET-CT-Dx)},
  year      = {2020},
  note      = {Data set},
  publisher = {The Cancer Imaging Archive},
  doi       = {10.7937/TCIA.2020.NNC2-0461},
  url       = {https://doi.org/10.7937/TCIA.2020.NNC2-0461},
  urldate   = {2025-06-14}
}

@online{whoCancer,
  author = {{World Health Organization}},
  title = {Cancer Fact Sheet},
  year = {2025},
  url = {https://www.who.int/news-room/fact-sheets/detail/cancer},
  urldate = {2025-06-14}
}

@article{marel2021biopsy,
  title={Biopsy of lung lesions under CT control},
  author={Marel, Miloslav and Padr, Radek and Fila, Libor and Rakita, Dmitry and Casas Mendez, Fernando and Capkova, Linda and Capek, Vaclav and Pavlik, Radim and others},
  journal={Biomed Pap Med Fac Univ Palacky Olomouc Czech Repub},
  volume={165},
  number={4},
  pages={390--394},
  year={2021}
}

@article{elshafee2019complications,
  title={Complications of CT-guided lung biopsy with a non-coaxial semi-automated 18 gauge biopsy system: frequency, severity and risk factors},
  author={Elshafee, Amany Saad and Karch, Annika and Ringe, Kristina I and Shin, Hoen-oh and Raatschen, Hans-J{\"u}rgen and Soliman, Nermin Yehia and Wacker, Frank and Vogel-Claussen, Jens},
  journal={PloS one},
  volume={14},
  number={3},
  pages={e0213990},
  year={2019},
  publisher={Public Library of Science San Francisco, CA USA}
}

@article{ccakir2020evaluation,
  title={Evaluation of major complications associated with percutaneous CT-guided biopsy oflung nodules below 3 cm},
  author={{\c{C}}akir, {\"O}zg{\"u}r and Cam, Isa and Koc, Ural and {\c{C}}ift{\c{c}}i, Erc{\"u}ment},
  journal={Turkish Journal of Medical Sciences},
  volume={50},
  number={2},
  pages={369--374},
  year={2020}
}

@article{heerink2017complication,
  title={Complication rates of CT-guided transthoracic lung biopsy: meta-analysis},
  author={Heerink, Wouter J and de Bock, Geertruida H and de Jonge, Gonda J and Groen, Harry JM and Vliegenthart, Rozemarijn and Oudkerk, Matthijs},
  journal={European radiology},
  volume={27},
  number={1},
  pages={138--148},
  year={2017},
  publisher={Springer}
}

@InProceedings{ mckinney-proc-scipy-2010,
  author    = { {W}es {M}c{K}inney },
  title     = { {D}ata {S}tructures for {S}tatistical {C}omputing in {P}ython },
  booktitle = { {P}roceedings of the 9th {P}ython in {S}cience {C}onference },
  pages     = { 56 - 61 },
  year      = { 2010 },
  editor    = { {S}t\'efan van der {W}alt and {J}arrod {M}illman },
  doi       = { 10.25080/Majora-92bf1922-00a }
}

@online{pyradiomics,
  author = {{PyRadiomics Developers}},
  title = {PyRadiomics Documentation},
  year = {2025},
  url = {https://pyradiomics.readthedocs.io/en/latest/},
  urldate = {2025-06-14}
}


@online{wikipediaRadon,
  author = {{Wikipedia contributors}},
  title = {Radon transform},
  year = {2025},
  url = {https://en.wikipedia.org/wiki/Radon_transform},
  urldate = {2025-06-14},
  note = {Wikipedia, The Free Encyclopedia}
}


@online{bmeReconstruction,
  author = {{Budapest University of Technology and Economics}},
  title = {Techniques of Reconstruction},
  year = {2025},
  url = {http://oftankonyv.reak.bme.hu/tiki-index.php?page=Techniques+of+Reconstruction},
  urldate = {2025-06-14},
  note = {Open Faculty Textbook}
}



@online{gdprRecital26,
  author = {{Unión Europea}},
  title = {Reglamento General de Protección de Datos (GDPR) - Considerando 26},
  year = {2016},
  url = {https://gdpr-text.com/es/read/recital-26/},
  urldate = {2025-06-14}
}

@online{lopd2018,
  author = {{España}},
  title = {Ley Orgánica 3/2018, de 5 de diciembre, de Protección de Datos Personales y garantía de los derechos digitales},
  year = {2018},
  url = {https://www.boe.es/buscar/act.php?id=BOE-A-2018-16673},
  urldate = {2025-06-14}
}

@online{aepdAnonimizacion,
  author = {{Agencia Española de Protección de Datos}},
  title = {Anonimización y seudonimización},
  year = {s.f.},
  url = {https://www.aepd.es/prensa-y-comunicacion/blog/anonimizacion-y-seudonimizacion},
  urldate = {2025-06-14}
}

@online{leharFourier,
  author = {Lehar, Stephen E.},
  title = {The Fourier Transform},
  year = {2013},
  url = {https://web.archive.org/web/20130513181427id_/http:/sharp.bu.edu/~slehar/fourier/fourier.html#basic},
  urldate = {2025-06-14},
  note = {Version archived by the Wayback Machine}
}

@article{mojica2003proteomica,
  title={La Proteómica, otra cara de la genómica},
  author={Mojica, Tobías and Sánchez, Oscar and Bobadilla, Leonardo},
  journal={Revista Nova publicación científica en ciencias biomédicas},
  volume={1},
  number={1},
  pages={13--16},
  year={2003}
}

@article{ursin2023levels,
  title={Levels of explicability for medical artificial intelligence: what do we normatively need and what can we technically reach?},
  author={Ursin, Frank and Lindner, Felix and Ropinski, Timo and Salloch, Sabine and Timmermann, Cristian},
  journal={Ethik in der Medizin},
  volume={35},
  number={2},
  pages={173--199},
  year={2023},
  publisher={Springer}
}

@article{wang2023grad,
  title={Grad-CAM: understanding AI models},
  author={Wang, Shuihua and Zhang, Yudong},
  journal={Comput. Mater. Contin},
  volume={76},
  number={2},
  pages={1321--1324},
  year={2023}
}

@article{shur2021radiomics,
  title={Radiomics in oncology: a practical guide},
  author={Shur, Joshua D and Doran, Simon J and Kumar, Santosh and Ap Dafydd, Derfel and Downey, Kate and O’Connor, James PB and Papanikolaou, Nikolaos and Messiou, Christina and Koh, Dow-Mu and Orton, Matthew R},
  journal={Radiographics},
  volume={41},
  number={6},
  pages={1717--1732},
  year={2021},
  publisher={Radiological Society of North America}
}

@article{mukherjee2022radiomics,
  title={Radiomics-based machine-learning models can detect pancreatic cancer on prediagnostic computed tomography scans at a substantial lead time before clinical diagnosis},
  author={Mukherjee, Sovanlal and Patra, Anurima and Khasawneh, Hala and Korfiatis, Panagiotis and Rajamohan, Naveen and Suman, Garima and Majumder, Shounak and Panda, Ananya and Johnson, Matthew P and Larson, Nicholas B and others},
  journal={Gastroenterology},
  volume={163},
  number={5},
  pages={1435--1446},
  year={2022},
  publisher={Elsevier}
}

@article{van2017computational,
  title={Computational radiomics system to decode the radiographic phenotype},
  author={Van Griethuysen, Joost JM and Fedorov, Andriy and Parmar, Chintan and Hosny, Ahmed and Aucoin, Nicole and Narayan, Vivek and Beets-Tan, Regina GH and Fillion-Robin, Jean-Christophe and Pieper, Steve and Aerts, Hugo JWL},
  journal={Cancer research},
  volume={77},
  number={21},
  pages={e104--e107},
  year={2017},
  publisher={American Association for Cancer Research}
}

@article{yaniv2018simpleitk,
  title={SimpleITK image-analysis notebooks: a collaborative environment for education and reproducible research},
  author={Yaniv, Ziv and Lowekamp, Bradley C and Johnson, Hans J and Beare, Richard},
  journal={Journal of digital imaging},
  volume={31},
  number={3},
  pages={290--303},
  year={2018},
  publisher={Springer}
}

@InProceedings{ mckinney-proc-scipy-2010,
  author    = { {W}es {M}c{K}inney },
  title     = { {D}ata {S}tructures for {S}tatistical {C}omputing in {P}ython },
  booktitle = { {P}roceedings of the 9th {P}ython in {S}cience {C}onference },
  pages     = { 56 - 61 },
  year      = { 2010 },
  editor    = { {S}t\'efan van der {W}alt and {J}arrod {M}illman },
  doi       = { 10.25080/Majora-92bf1922-00a }
}

@article{cover1967nearest,
  title={Nearest neighbor pattern classification},
  author={Cover, Thomas and Hart, Peter},
  journal={IEEE transactions on information theory},
  volume={13},
  number={1},
  pages={21--27},
  year={1967},
  publisher={IEEE}
}

@article{higham1988computing,
  title={Computing a nearest symmetric positive semidefinite matrix},
  author={Higham, Nicholas J},
  journal={Linear algebra and its applications},
  volume={103},
  pages={103--118},
  year={1988},
  publisher={Elsevier}
}

@article{suarez2018tutorial,
  title={A tutorial on distance metric learning: Mathematical foundations, algorithms, experimental analysis, prospects and challenges (with appendices on mathematical background and detailed algorithms explanation)},
  author={Su{\'a}rez-D{\'\i}az, Juan Luis and Garc{\'\i}a, Salvador and Herrera, Francisco},
  journal={arXiv preprint arXiv:1812.05944},
  year={2018}
}

@article{pearson1901liii,
  title={LIII. On lines and planes of closest fit to systems of points in space},
  author={Pearson, Karl},
  journal={The London, Edinburgh, and Dublin philosophical magazine and journal of science},
  volume={2},
  number={11},
  pages={559--572},
  year={1901},
  publisher={Taylor \& Francis}
}

@article{weinberger2009distance,
  title={Distance metric learning for large margin nearest neighbor classification.},
  author={Weinberger, Kilian Q and Saul, Lawrence K},
  journal={Journal of machine learning research},
  volume={10},
  number={2},
  year={2009}
}

@book{krishna2017digital,
  title={Digital signal processing algorithms: number theory, convolution, fast Fourier transforms, and applications},
  author={Krishna, Hari},
  year={2017},
  publisher={Routledge}
}

@article{goldberger2004neighbourhood,
  title={Neighbourhood components analysis},
  author={Goldberger, Jacob and Hinton, Geoffrey E and Roweis, Sam and Salakhutdinov, Russ R},
  journal={Advances in neural information processing systems},
  volume={17},
  year={2004}
}

@article{ponce2024practical,
  title={Practical guide to SHAP analysis: Explaining supervised machine learning model predictions in drug development},
  author={Ponce-Bobadilla, Ana Victoria and Schmitt, Vanessa and Maier, Corinna S and Mensing, Sven and Stodtmann, Sven},
  journal={Clinical and translational science},
  volume={17},
  number={11},
  pages={e70056},
  year={2024},
  publisher={Wiley Online Library}
}

@article{dewi2023xai,
  title={XAI for Image Captioning using SHAP.},
  author={Dewi, Christine and Chen, Rung-Ching and Yu, Hui and JIANG, XIAOYl},
  journal={Journal of Information Science \& Engineering},
  volume={39},
  number={4},
  year={2023}
}

@inproceedings{suara2023grad,
  title={Is grad-cam explainable in medical images?},
  author={Suara, Subhashis and Jha, Aayush and Sinha, Pratik and Sekh, Arif Ahmed},
  booktitle={International Conference on Computer Vision and Image Processing},
  pages={124--135},
  year={2023},
  organization={Springer}
}

@inproceedings{xiao2021visualization,
  title={A visualization method based on the Grad-CAM for medical image segmentation model},
  author={Xiao, Mengying and Zhang, Liyuan and Shi, Weili and Liu, Jianhua and He, Wei and Jiang, Zhengang},
  booktitle={2021 International Conference on Electronic Information Engineering and Computer Science (EIECS)},
  pages={242--247},
  year={2021},
  organization={IEEE}
}

@article{adams2023defending,
  title={Defending explicability as a principle for the ethics of artificial intelligence in medicine},
  author={Adams, Jonathan},
  journal={Medicine, Health Care and Philosophy},
  volume={26},
  number={4},
  pages={615--623},
  year={2023},
  publisher={Springer}
}

@article{hildt2025role,
  title={What Is the Role of Explainability in Medical Artificial Intelligence? A Case-Based Approach},
  author={Hildt, Elisabeth},
  journal={Bioengineering},
  volume={12},
  number={4},
  pages={375},
  year={2025},
  publisher={MDPI}
}

@article{kumar2012radiomics,
  title={Radiomics: the process and the challenges},
  author={Kumar, Virendra and Gu, Yuhua and Basu, Satrajit and Berglund, Anders and Eschrich, Steven A and Schabath, Matthew B and Forster, Kenneth and Aerts, Hugo JWL and Dekker, Andre and Fenstermacher, David and others},
  journal={Magnetic resonance imaging},
  volume={30},
  number={9},
  pages={1234--1248},
  year={2012},
  publisher={Elsevier}
}

@article{lambin2012radiomics,
  title={Radiomics: extracting more information from medical images using advanced feature analysis},
  author={Lambin, Philippe and Rios-Velazquez, Emmanuel and Leijenaar, Ralph and Carvalho, Sara and Van Stiphout, Ruud GPM and Granton, Patrick and Zegers, Catharina ML and Gillies, Robert and Boellard, Ronald and Dekker, Andr{\'e} and others},
  journal={European journal of cancer},
  volume={48},
  number={4},
  pages={441--446},
  year={2012},
  publisher={Elsevier}
}

@article{vassholz2016new,
  title={New x-ray tomography method based on the 3D radon transform compatible with anisotropic sources},
  author={Vassholz, Malte and Koberstein-Schwarz, B and Ruhlandt, A and Krenkel, M and Salditt, T},
  journal={Physical Review Letters},
  volume={116},
  number={8},
  pages={088101},
  year={2016},
  publisher={APS}
}


@book{mitchell1997machine,
  title={Machine Learning},
  author={Mitchell, T. M.},
  year={1997},
  publisher={McGraw-Hill Education},
  isbn={9780070428072},
  url={https://books.google.es/books?id=xOGAngEACAAJ},
  series={McGraw-Hill international editions - computer science series}
}

@book{shalev2014understanding,
  title={Understanding machine learning: From theory to algorithms},
  author={Shalev-Shwartz, Shai and Ben-David, Shai},
  year={2014},
  publisher={Cambridge university press}
}

@book{Goodfellow-et-al-2016,
    title={Deep Learning},
    author={Ian Goodfellow and Yoshua Bengio and Aaron Courville},
    publisher={MIT Press},
    note={\url{http://www.deeplearningbook.org}},
    year={2016}
}

@article{demathematical,
  title={" Mathematical morphology applied to Radiomics},
  author={de Vaucleroy, Nicolas and Macq, Beno{\^\i}t and De Vleeschouwer, Christophe}
}

@article{schabath2019cancer,
  title={Cancer progress and priorities: lung cancer},
  author={Schabath, Matthew B and Cote, Michele L},
  journal={Cancer epidemiology, biomarkers \& prevention},
  volume={28},
  number={10},
  pages={1563--1579},
  year={2019},
  publisher={American Association for Cancer Research}
}

@article{leiter2023global,
  title={The global burden of lung cancer: current status and future trends},
  author={Leiter, Amanda and Veluswamy, Rajwanth R and Wisnivesky, Juan P},
  journal={Nature reviews Clinical oncology},
  volume={20},
  number={9},
  pages={624--639},
  year={2023},
  publisher={Nature Publishing Group UK London}
}

@article{tunali2021application,
  title={Application of radiomics and artificial intelligence for lung cancer precision medicine},
  author={Tunali, Ilke and Gillies, Robert J and Schabath, Matthew B},
  journal={Cold Spring Harbor perspectives in medicine},
  volume={11},
  number={8},
  pages={a039537},
  year={2021},
  publisher={Cold Spring Harbor Laboratory Press}
}

@article{zhu2023classification,
  title={The classification of benign and malignant lung nodules based on CT radiomics: a systematic review, quality score assessment, and meta-analysis},
  author={Zhu, Fandong and Yang, Chen and Zou, Jiajun and Ma, Weili and Wei, Yuguo and Zhao, Zhenhua},
  journal={Acta Radiologica},
  volume={64},
  number={12},
  pages={3074--3084},
  year={2023},
  publisher={SAGE Publications Sage UK: London, England}
}

@article{wasserthal2023totalsegmentator,
  title={TotalSegmentator: robust segmentation of 104 anatomic structures in CT images},
  author={Wasserthal, Jakob and Breit, Hanns-Christian and Meyer, Manfred T and Pradella, Maurice and Hinck, Daniel and Sauter, Alexander W and Heye, Tobias and Boll, Daniel T and Cyriac, Joshy and Yang, Shan and others},
  journal={Radiology: Artificial Intelligence},
  volume={5},
  number={5},
  pages={e230024},
  year={2023},
  publisher={Radiological Society of North America}
}

@misc{he2015deep,
  title={Deep residual learning for image recognition. CoRR abs/1512.03385 (2015)},
  author={He, Kaiming and Zhang, Xiangyu and Ren, Shaoqing and Sun, Jian},
  year={2015}
}

@article{calzado2010tomografia,
  title={Tomograf{\'\i}a computarizada. Evoluci{\'o}n, principios t{\'e}cnicos y aplicaciones},
  author={Calzado, Alfonso and Geleijns, Jacbo},
  journal={Revista de F{\'\i}sica M{\'e}dica},
  volume={11},
  number={3},
  year={2010}
}

@incollection{buzug2011computed,
  title={Computed tomography},
  author={Buzug, Thorsten M},
  booktitle={Springer handbook of medical technology},
  pages={311--342},
  year={2011},
  publisher={Springer}
}

@phdthesis{heim2018large,
  title={Large-scale medical image annotation with quality-controlled crowdsourcing},
  author={Heim, Eric},
  year={2018}
}

#paper nifti
@article{singh2023secure,
  title={Secure NIfTI image authentication scheme for modern healthcare system},
  author={Singh, Kamred Udham and Aljrees, Turki and Kumar, Ankit and Singh, Teekam},
  journal={Applied Sciences},
  volume={13},
  number={9},
  pages={5308},
  year={2023},
  publisher={MDPI}
}

#paper formatos imagenes medicas
@article{larobina2014medical,
  title={Medical image file formats},
  author={Larobina, Michele and Murino, Loredana},
  journal={Journal of digital imaging},
  volume={27},
  pages={200--206},
  year={2014},
  publisher={Springer}
}

#paper npy
@article{gotzsche2016role,
  title={The role of NPY in learning and memory},
  author={G{\o}tzsche, CR and Woldbye, DPD},
  journal={Neuropeptides},
  volume={55},
  pages={79--89},
  year={2016},
  publisher={Elsevier}
}

#paper dicom
@inproceedings{mustra2008overview,
  title={Overview of the DICOM standard},
  author={Mustra, Mario and Delac, Kresimir and Grgic, Mislav},
  booktitle={2008 50th international symposium ELMAR},
  volume={1},
  pages={39--44},
  year={2008},
  organization={IEEE}
}

#paper efficientnetv2
@inproceedings{tan2021efficientnetv2,
  title={Efficientnetv2: Smaller models and faster training},
  author={Tan, Mingxing and Le, Quoc},
  booktitle={International conference on machine learning},
  pages={10096--10106},
  year={2021},
  organization={PMLR}
}

#metdologia

@article{paszke2019pytorch,
  title={Pytorch: An imperative style, high-performance deep learning library},
  author={Paszke, Adam and Gross, Sam and Massa, Francisco and Lerer, Adam and Bradbury, James and Chanan, Gregory and Killeen, Trevor and Lin, Zeming and Gimelshein, Natalia and Antiga, Luca and others},
  journal={Advances in neural information processing systems},
  volume={32},
  year={2019}
}

@online{python,
  author = {{Python Software Foundation}},
  title = {Python Programming Language},
  year = {2025},
  url = {https://www.python.org},
  urldate = {2025-06-14}
}

@article{cardoso2022monai,
  title={Monai: An open-source framework for deep learning in healthcare},
  author={Cardoso, M Jorge and Li, Wenqi and Brown, Richard and Ma, Nic and Kerfoot, Eric and Wang, Yiheng and Murrey, Benjamin and Myronenko, Andriy and Zhao, Can and Yang, Dong and others},
  journal={arXiv preprint arXiv:2211.02701},
  year={2022}
}

@online{nibabel,
  author = {{NiBabel Developers}},
  title = {NiBabel: Access a cacophony of neuro-imaging file formats},
  year = {2025},
  url = {https://nipy.org/nibabel/},
  urldate = {2025-06-14}
}


@Article{         harris2020array,
 title         = {Array programming with {NumPy}},
 author        = {Charles R. Harris and K. Jarrod Millman and St{\'{e}}fan J.
                 van der Walt and Ralf Gommers and Pauli Virtanen and David
                 Cournapeau and Eric Wieser and Julian Taylor and Sebastian
                 Berg and Nathaniel J. Smith and Robert Kern and Matti Picus
                 and Stephan Hoyer and Marten H. van Kerkwijk and Matthew
                 Brett and Allan Haldane and Jaime Fern{\'{a}}ndez del
                 R{\'{i}}o and Mark Wiebe and Pearu Peterson and Pierre
                 G{\'{e}}rard-Marchant and Kevin Sheppard and Tyler Reddy and
                 Warren Weckesser and Hameer Abbasi and Christoph Gohlke and
                 Travis E. Oliphant},
 year          = {2020},
 month         = sep,
 journal       = {Nature},
 volume        = {585},
 number        = {7825},
 pages         = {357--362},
 doi           = {10.1038/s41586-020-2649-2},
 publisher     = {Springer Science and Business Media {LLC}},
 url           = {https://doi.org/10.1038/s41586-020-2649-2}
}

@Article{Hunter:2007,
  Author    = {Hunter, J. D.},
  Title     = {Matplotlib: A 2D graphics environment},
  Journal   = {Computing in Science \& Engineering},
  Volume    = {9},
  Number    = {3},
  Pages     = {90--95},
  abstract  = {Matplotlib is a 2D graphics package used for Python for
  application development, interactive scripting, and publication-quality
  image generation across user interfaces and operating systems.},
  publisher = {IEEE COMPUTER SOC},
  doi       = {10.1109/MCSE.2007.55},
  year      = 2007
}

@online{vscode,
  author = {{Microsoft}},
  title = {Visual Studio Code},
  year = {2025},
  url = {https://code.visualstudio.com},
  urldate = {2025-06-14}
}

@online{jupyter,
  author = {{Project Jupyter}},
  title = {Jupyter Notebook},
  year = {2025},
  url = {https://jupyter.org},
  urldate = {2025-06-14}
}

@article{scikit-learn,
  title={Scikit-learn: Machine Learning in {P}ython},
  author={Pedregosa, F. and Varoquaux, G. and Gramfort, A. and Michel, V.
          and Thirion, B. and Grisel, O. and Blondel, M. and Prettenhofer, P.
          and Weiss, R. and Dubourg, V. and Vanderplas, J. and Passos, A. and
          Cournapeau, D. and Brucher, M. and Perrot, M. and Duchesnay, E.},
  journal={Journal of Machine Learning Research},
  volume={12},
  pages={2825--2830},
  year={2011}
}

@article{van2014scikit,
  title={scikit-image: image processing in Python},
  author={Van der Walt, Stefan and Sch{\"o}nberger, Johannes L and Nunez-Iglesias, Juan and Boulogne, Fran{\c{c}}ois and Warner, Joshua D and Yager, Neil and Gouillart, Emmanuelle and Yu, Tony},
  journal={PeerJ},
  volume={2},
  pages={e453},
  year={2014},
  publisher={PeerJ Inc.}
}

@inproceedings{pieper20043d,
  title={3D Slicer},
  author={Pieper, Steve and Halle, Michael and Kikinis, Ron},
  booktitle={2004 2nd IEEE international symposium on biomedical imaging: nano to macro (IEEE Cat No. 04EX821)},
  pages={632--635},
  year={2004},
  organization={IEEE}
}




@article{wu2021structural,
  title={Structural and functional radiomics for lung cancer},
  author={Wu, Guangyao and Jochems, Arthur and Refaee, Turkey and Ibrahim, Abdalla and Yan, Chenggong and Sanduleanu, Sebastian and Woodruff, Henry C and Lambin, Philippe},
  journal={European Journal of Nuclear Medicine and Molecular Imaging},
  volume={48},
  pages={3961--3974},
  year={2021},
  publisher={Springer}
}

@article{deng2018clinical,
  title={Clinical updates of approaches for biopsy of pulmonary lesions based on systematic review},
  author={Deng, Chuan-Jiang and Dai, Fu-Qiang and Qian, Kai and Tan, Qun-You and Wang, Ru-Wen and Deng, Bo and Zhou, Jing-Hai},
  journal={BMC pulmonary medicine},
  volume={18},
  pages={1--11},
  year={2018},
  publisher={Springer}
}

#paper densenet
@inproceedings{huang2017densely,
  title={Densely connected convolutional networks},
  author={Huang, Gao and Liu, Zhuang and Van Der Maaten, Laurens and Weinberger, Kilian Q},
  booktitle={Proceedings of the IEEE conference on computer vision and pattern recognition},
  pages={4700--4708},
  year={2017}
}

#paper resnet
@inproceedings{hara2017learning,
  title={Learning spatio-temporal features with 3d residual networks for action recognition},
  author={Hara, Kensho and Kataoka, Hirokatsu and Satoh, Yutaka},
  booktitle={Proceedings of the IEEE international conference on computer vision workshops},
  pages={3154--3160},
  year={2017}
}

@misc{young1983image,
  title={Image analysis and mathematical morphology, by J. Serra. Academic Press, London, 1982, xviii+ 610 p. $90.00},
  author={Young, Ian T},
  year={1983},
  publisher={Wiley Online Library}
}

@article{bieniek2000efficient,
  title={An efficient watershed algorithm based on connected components},
  author={Bieniek, Andreas and Moga, Alina},
  journal={Pattern recognition},
  volume={33},
  number={6},
  pages={907--916},
  year={2000},
  publisher={Elsevier}
}

@article{azencott1997texture,
  title={Texture classification using windowed Fourier filters},
  author={Azencott, Robert and Wang, Jia-Ping and Younes, Laurent},
  journal={IEEE Transactions on Pattern Analysis and Machine Intelligence},
  volume={19},
  number={2},
  pages={148--153},
  year={1997},
  publisher={IEEE}
}

@article{gray2006toeplitz,
  title={Toeplitz and circulant matrices: A review},
  author={Gray, Robert M and others},
  journal={Foundations and Trends{\textregistered} in Communications and Information Theory},
  volume={2},
  number={3},
  pages={155--239},
  year={2006},
  publisher={Now Publishers, Inc.}
}

@article{haralick2007textural,
  title={Textural features for image classification},
  author={Haralick, Robert M and Shanmugam, Karthikeyan and Dinstein, Its' Hak},
  journal={IEEE Transactions on systems, man, and cybernetics},
  number={6},
  pages={610--621},
  year={2007},
  publisher={IEEE}
}

@article{amadasun1989textural,
  title={Textural features corresponding to textural properties},
  author={Amadasun, Moses and King, Robert},
  journal={IEEE Transactions on systems, man, and Cybernetics},
  volume={19},
  number={5},
  pages={1264--1274},
  year={1989},
  publisher={IEEE}
}

@article{galloway1974texture,
  title={Texture analysis using grey level run lengths},
  author={Galloway, Mary M},
  journal={Nasa Sti/recon Technical Report N},
  volume={75},
  pages={18555},
  year={1974}
}

@article{mohan2023deep,
  title={Deep metric learning for computer vision: A brief overview},
  author={Mohan, Deen Dayal and Jawade, Bhavin and Setlur, Srirangaraj and Govindaraju, Venu},
  journal={Handbook of Statistics},
  volume={48},
  pages={59--79},
  year={2023},
  publisher={Elsevier}
}

@article{thibault2013advanced,
  title={Advanced statistical matrices for texture characterization: application to cell classification},
  author={Thibault, Guillaume and Angulo, Jesus and Meyer, Fernand},
  journal={IEEE Transactions on Biomedical Engineering},
  volume={61},
  number={3},
  pages={630--637},
  year={2013},
  publisher={IEEE}
}

@article{shen2017deep,
  title={Deep learning in medical image analysis},
  author={Shen, Dinggang and Wu, Guorong and Suk, Heung-Il},
  journal={Annual review of biomedical engineering},
  volume={19},
  number={1},
  pages={221--248},
  year={2017},
  publisher={Annual Reviews}
}


@article{rumelhart1986learning,
  title={Learning representations by back-propagating errors},
  author={Rumelhart, David E and Hinton, Geoffrey E and Williams, Ronald J},
  journal={nature},
  volume={323},
  number={6088},
  pages={533--536},
  year={1986},
  publisher={Nature Publishing Group UK London}
}
